@article{jot,
  author    = {Stein Krogdahl and
               Birger M{\o}ller{-}Pedersen and
               Fredrik S{\o}rensen},
  title     = {Exploring the Use of Package Templates for Flexible Re-use of Collections
               of Related Classes},
  journal   = {Journal of Object Technology},
  volume    = {8},
  number    = {7},
  pages     = {59--85},
  year      = {2009},
  url       = {https://doi.org/10.5381/jot.2009.8.7.a1},
  doi       = {10.5381/jot.2009.8.7.a1},
  timestamp = {Fri, 26 May 2017 22:54:46 +0200},
  biburl    = {https://dblp.org/rec/bib/journals/jot/KrogdahlMS09},
  bibsource = {dblp computer science bibliography, https://dblp.org}
}

@inproceedings{malayeri,
  author    = {Donna Malayeri and
               Jonathan Aldrich},
  title     = {Is Structural Subtyping Useful? An Empirical Study},
  booktitle = {Programming Languages and Systems, 18th European Symposium on Programming,
               {ESOP} 2009, Held as Part of the Joint European Conferences on Theory
               and Practice of Software, {ETAPS} 2009, York, UK, March 22-29, 2009.
               Proceedings},
  pages     = {95--111},
  year      = {2009},
  crossref  = {DBLP:conf/esop/2009},
  url       = {https://doi.org/10.1007/978-3-642-00590-9\_8},
  doi       = {10.1007/978-3-642-00590-9\_8},
  timestamp = {Tue, 14 May 2019 10:00:41 +0200},
  biburl    = {https://dblp.org/rec/bib/conf/esop/MalayeriA09},
  bibsource = {dblp computer science bibliography, https://dblp.org}
}

@article{krogdahl:GP,
  author        = "Stein Krogdahl",
  title         = "Generic Packages and Expandable Classes",
  year          = 2001,
  month         = 10,
  institution   = "University of Oslo, Department of Informatics"
}

@inproceedings{requiredtypes,
  author    = {Eyvind W. Axelsen and
               Stein Krogdahl},
  title     = {Adaptable generic programming with required type specifications and
               package templates},
  booktitle = {Proceedings of the 11th International Conference on Aspect-oriented
               Software Development, {AOSD} 2012, Potsdam, Germany, March 25-30,
               2012},
  pages     = {83--94},
  year      = {2012},
  crossref  = {DBLP:conf/aosd/2012},
  url       = {https://doi.org/10.1145/2162049.2162060},
  doi       = {10.1145/2162049.2162060},
  timestamp = {Tue, 06 Nov 2018 16:57:06 +0100},
  biburl    = {https://dblp.org/rec/conf/aosd/AxelsenK12.bib},
  bibsource = {dblp computer science bibliography, https://dblp.org}
}

@proceedings{DBLP:conf/aosd/2012,
  editor    = {Robert Hirschfeld and
               {\'{E}}ric Tanter and
               Kevin J. Sullivan and
               Richard P. Gabriel},
  title     = {Proceedings of the 11th International Conference on Aspect-oriented
               Software Development, {AOSD} 2012, Potsdam, Germany, March 25-30,
               2012},
  publisher = {{ACM}},
  year      = {2012},
  url       = {http://dl.acm.org/citation.cfm?id=2162049},
  isbn      = {978-1-4503-1092-5},
  timestamp = {Wed, 29 Mar 2017 16:45:22 +0200},
  biburl    = {https://dblp.org/rec/conf/aosd/2012.bib},
  bibsource = {dblp computer science bibliography, https://dblp.org}
}

@inproceedings{cook:subtyping,
  author    = {William R. Cook and
               Walter L. Hill and
               Peter S. Canning},
  title     = {Inheritance Is Not Subtyping},
  booktitle = {Conference Record of the Seventeenth Annual {ACM} Symposium on Principles
               of Programming Languages, San Francisco, California, USA, January
               1990},
  pages     = {125--135},
  year      = {1990},
  crossref  = {DBLP:conf/popl/1990},
  url       = {https://doi.org/10.1145/96709.96721},
  doi       = {10.1145/96709.96721},
  timestamp = {Wed, 14 Nov 2018 10:52:34 +0100},
  biburl    = {https://dblp.org/rec/bib/conf/popl/CookHC90},
  bibsource = {dblp computer science bibliography, https://dblp.org}
}

@article{cpp,
  author    = {Bjarne Stroustrup},
  title     = {Multiple Inheritance for {C++}},
  journal   = {Computing Systems},
  volume    = {2},
  number    = {4},
  pages     = {367--395},
  year      = {1989},
  url       = {http://www.usenix.org/publications/compsystems/1989/fall\_stroustrup.pdf},
  timestamp = {Thu, 12 Mar 2020 11:25:26 +0100},
  biburl    = {https://dblp.org/rec/journals/csys/Stroustrup89b.bib},
  bibsource = {dblp computer science bibliography, https://dblp.org}
}

@article{tsuper,
  author    = {Eyvind W. Axelsen and
               Fredrik S{\o}rensen and
               Stein Krogdahl and
               Birger M{\o}ller{-}Pedersen},
  title     = {Challenges in the Design of the Package Template Mechanism},
  journal   = {{LNCS} Trans. Aspect Oriented Softw. Dev.},
  volume    = {9},
  pages     = {268--305},
  year      = {2012},
  crossref  = {DBLP:journals/taosd/2012-9},
  url       = {https://doi.org/10.1007/978-3-642-35551-6\_7},
  doi       = {10.1007/978-3-642-35551-6\_7},
  timestamp = {Thu, 04 Jul 2019 19:21:44 +0200},
  biburl    = {https://dblp.org/rec/journals/taosd/AxelsenSKM12.bib},
  bibsource = {dblp computer science bibliography, https://dblp.org}
}

@proceedings{DBLP:journals/taosd/2012-9,
  editor    = {Gary T. Leavens and
               Shigeru Chiba and
               Michael Haupt and
               Klaus Ostermann and
               Eric Wohlstadter},
  title     = {Transactions on Aspect-Oriented Software Development {IX}},
  series    = {Lecture Notes in Computer Science},
  volume    = {7271},
  publisher = {Springer},
  year      = {2012},
  url       = {https://doi.org/10.1007/978-3-642-35551-6},
  doi       = {10.1007/978-3-642-35551-6},
  isbn      = {978-3-642-35550-9},
  timestamp = {Tue, 14 May 2019 10:00:55 +0200},
  biburl    = {https://dblp.org/rec/journals/taosd/2012-9.bib},
  bibsource = {dblp computer science bibliography, https://dblp.org}
}

@mastersthesis{compilingpt, 
  author    = {Kenneth Solb√∏ Andersen},
  title     = {Compiling Package Templates},
  year      = {2013},
  url       = {http://urn.nb.no/URN:NBN:no-39058}
}

